4042 5864
561 1488 862 1552 REVERENDO
889 1489 938 1551 IN
965 1487 1177 1553 CHRISTO
1205 1488 1358 1563 PATRI,
1384 1489 1567 1552 GAVINO
1595 1488 1832 1562 DUMBARI,

641 1710 987 1773 AssERDoNENSI
1022 1709 1278 1786 ANTISTITI,
1314 1709 1511 1775 HECTOR
1546 1708 1757 1773 BOETIUS

712 1928 1044 1993 DEIDONENSIS
1070 1926 1287 1990 DEBITAM
1317 1923 1683 1988 REVERENTIAM‚
1788 1970 1792 1977 .

521 2276 635 2338 luren
658 2273 870 2337 lustrandum
887 2281 1041 2336 vetustae
1063 2282 1197 2336 nostrae
1215 2270 1327 2354 gentis
1348 2280 1581 2346 monumenta,
1600 2248 1738 2335 P'raesul
1758 2290 1872 2334 vener·

519 2379 615 2452 ande,
655 2375 793 2457 quibus·
815 2373 1021 2438 Wilhelmus
1060 2373 1309 2456 Elphinstonus
1349 2372 1549 2456 Episcopus,
1588 2372 1667 2436 olim
1706 2372 1873 2456 generalis

519 2477 767 2544 Aberdonensis
791 2477 926 2542 scholae
948 2476 1111 2554 conditor,
1134 2497 1232 2558 quem
1255 2476 1327 2560 ipsc
1351 2475 1504 2559 gloriaris
1526 2476 1746 2559 frequentius
1768 2477 1872 2541 veluti

519 2581 702 2645 imitandae
743 2580 878 2645 virtutis
916 2581 1098 2664 exemplar,
1145 2579 1303 2646 habuisse
1346 2582 1649 2664 praedecessorem,
1689 2581 1872 2664 plurimum

485 2684 768 2763 5delectabatur;
808 2682 1008 2766 Fergusium
1047 2686 1231 2748 secundum
1271 2705 1382 2767 regem
1422 2683 1477 2766 qui
1510 2685 1686 2748 Scotorum
1719 2705 1872 2767 regnum,

518 2786 617 2851 victis
637 2786 843 2863 Britonibus,
862 2785 971 2869 patria
994 2786 1109 2869 procul
1134 2786 1276 2861 abactis,
1293 2785 1391 2850 caesis
1415 2785 1538 2869 ubique
1562 2807 1676 2850 eorum
1695 2787 1871 2869 praesidiis,

518 2891 677 2966 restituit,
696 2891 874 2955 mandasse
890 2891 1083 2973 accepimus
1100 2900 1136 2954 ut
1152 2890 1186 2952 in
1205 2892 1287 2954 lona
1302 2894 1381 2966 (una
1398 2901 1448 2953 est
1463 2889 1653 2974 Hybridum
1671 2889 1870 2966 insularum)

518 2993 592 3060 libri
606 2994 727 3077 quibus
740 3014 793 3057 res
805 3003 940 3058 nostrae
954 2993 1059 3057 literis
1072 2996 1252 3058 mandatae
1268 2999 1322 3070 (ne
1335 2995 1470 3075 quando
1482 2992 1669 3071 interirent)
1685 2994 1874 3060 celebribus

518 3098 657 3163 aedibus
680 3098 721 3162 ad
746 3097 809 3162 hoc
833 3098 913 3161 data
936 3116 1038 3179 opera
1061 3095 1234 3173 extructis,
1252 3117 1355 3179 penes
1374 3095 1462 3160 viros
1485 3095 1595 3179 prisca
1619 3107 1734 3160 nostra
1757 3096 1873 3179 lingua

464 3221 503 3265 10
518 3201 666 3267 eruditos
689 3210 803 3265 essent
834 3209 866 3264 et
898 3209 1185 3275 conservarentur,
1210 3219 1323 3263 annuo
1355 3209 1484 3264 statuto
1515 3199 1711 3265 custodibus
1738 3200 1873 3277 salario,

518 3307 606 3369 unde
630 3303 765 3369 Scotica
784 3304 947 3387 juventus
967 3322 1034 3366 non
1058 3303 1158 3366 modo
1178 3301 1258 3385 quid
1280 3322 1359 3378 una,
1384 3303 1441 3366 sed
1466 3302 1543 3384 quid
1569 3301 1660 3366 omni
1685 3313 1796 3368 aetate
1821 3304 1873 3367 sui

518 3408 662 3492 majores
678 3406 809 3491 egregie
825 3405 976 3481 fecerint,
990 3404 1196 3488 colligerent,
1210 3405 1430 3488 exemploque
1443 3415 1657 3471 moverentur
1669 3407 1711 3470 ad
1724 3428 1872 3484 ornnem,

518 3513 615 3596 cujus
632 3511 664 3575 in
681 3533 716 3576 re
733 3511 852 3577 bellica
875 3512 959 3575 foret
983 3532 1075 3587 usuS,
1092 3510 1263 3575 virtutem.
1312 3512 1406 3586 Inde,
1423 3512 1482 3575 scd
1506 3509 1631 3574 multos
1654 3521 1730 3594 post
1752 3532 1872 3588 annos,

519 3626 555 3680 ut
588 3614 823 3699 Restennothy
856 3613 1049 3691 (munitioni
1080 3633 1203 3677 nomen
1237 3623 1288 3677 est
1325 3613 1405 3677 olim
1437 3613 1471 3677 in
1502 3613 1663 3697 Angusia,
1696 3613 1751 3678 ubi
1783 3635 1873 3679 nunc

464 3739 502 3804 15
518 3719 756 3786 canonicorum
797 3717 874 3781 Divi
913 3715 1092 3799 Augustini
1131 3716 1343 3793 coenobium)
1383 3716 1462 3799 quia
1499 3720 1541 3781 ad
1577 3719 1694 3782 Ionam
1726 3715 1872 3781 difficilis

517 3825 699 3889 admodum
731 3833 802 3887 erat
840 3821 963 3897 aditus,
996 3820 1101 3885 nostri
1140 3821 1280 3884 annales
1318 3820 1394 3884 inde
1432 3821 1577 3886 traducti
1609 3831 1871 3897 reservarentur,

518 3928 705 3993 Alexander
721 3926 850 4010 primus
866 3946 923 3989 rex
939 3924 1050 4000 edixit,
1066 3946 1108 3989 ne
1132 3925 1339 3989 nostratibus
1362 3925 1527 4008 majorum
1552 3923 1683 4008 egregie
1698 3935 1870 4007 gestorum

517 4053 603 4116 quae
620 4030 833 4096 imitarentur
848 4032 979 4095 deesset
1001 4029 1175 4094 memoria.
1224 4031 1298 4093 Hos
1315 4029 1446 4094 codices
1462 4040 1580 4094 exacta
1597 4030 1680 4094 adeo
1697 4027 1873 4111 diligentia

517 4147 715 4212 reservatos,
732 4135 816 4201 alios
839 4156 972 4217 quoque
996 4155 1124 4210 omnes,
1141 4144 1175 4198 et
1198 4133 1351 4217 publicos
1374 4142 1408 4198 et
1431 4132 1589 4217 privatos,
1608 4132 1745 4198 ubilibet
1769 4152 1873 4216 penes

461 4260 503 4307 20
517 4251 650 4306 nostros
680 4239 845 4316 inventos,
879 4239 1059 4303 Eduardus
1089 4238 1274 4321 Anglorum
1309 4259 1377 4314 rex,
1409 4259 1486 4303 cum
1519 4248 1669 4302 nostram
1700 4236 1871 4319 regionem

517 4345 684 4410 discordia
700 4344 908 4409 laborantem
926 4343 1154 4426 popularetur,
1173 4342 1273 4407 simul
1293 4364 1369 4407 cum
1387 4343 1537 4426 praefato
1561 4340 1722 4406 coenobio
1738 4362 1872 4405 concre-

518 4449 632 4514 mavit.
679 4448 792 4513 Tanta
815 4446 951 4512 libidine
968 4468 1034 4511 non
1059 4450 1158 4512 modo
1174 4457 1310 4511 nostrae
1326 4446 1447 4528 gentis,
1466 4447 1523 4510 sed
1547 4454 1579 4510 et
1599 4445 1673 4528 ejus
1689 4445 1871 4509 memoriae

427 4556 456 4627 ⁸,
517 4553 678 4617 delendae
701 4550 877 4633 flagrabat.
929 4552 1005 4635 Qua
1027 4549 1122 4615 clade
1145 4549 1220 4614 libri
1244 4549 1365 4632 quibus
1396 4550 1573 4614 Scotorum
1597 4547 1794 4632 pontificum
1819 4568 1873 4612 res
