4042 5864
551 610 582 675 iv
1148 635 1318 682 onumen.

548 797 663 867 gestae
680 789 842 854 memoria
857 791 1036 867 dabantur,
1053 793 1095 856 ad
1113 812 1217 856 unum
1239 801 1318 856 sunt
1334 791 1516 874 absumpti.
1566 793 1664 856 Unde
1679 791 1847 866 ellectum,
1865 802 1902 855 ut

549 891 654 955 nostri
671 893 763 977 regni
780 893 942 977 primores
958 917 1096 960 suorum
1120 907 1198 961 acta
1221 895 1472 980 progenitorum
1497 917 1581 979 pene
1597 895 1711 960 omnia
1727 895 1881 979 ignorent
1895 918 1903 971 ;

548 994 696 1081 episcopi
713 996 768 1080 qui
786 998 837 1063 sui
853 999 945 1065 luere
960 1010 1202 1077 antecessores,
1219 1022 1306 1084 quae
1327 1021 1386 1084 per
1400 1021 1458 1064 eos
1479 1001 1563 1065 bene
1578 1011 1686 1085 gesta,
1702 1022 1903 1084 quocunque

548 1099 652 1165 etiam
684 1103 808 1182 labore,
836 1116 969 1188 praeter
995 1106 1140 1189 paucula
1170 1107 1336 1189 quaedam
1363 1127 1440 1170 cum
1468 1105 1666 1188 pontificum
1697 1104 1903 1180 nominibus,

514 1221 751 1288 5cognoscere
782 1228 850 1272 non
882 1208 1025 1291 possint,
1077 1210 1257 1275 Scrutatus
1286 1208 1411 1274 etenim
1445 1213 1517 1285 (tuo
1543 1209 1655 1292 jussu)
1688 1208 1904 1274 exactissima

548 1307 734 1393 diligentia,
763 1311 819 1394 qui
851 1313 1110 1377 Aberdonenses
1140 1311 1288 1396 episcopi
1319 1322 1352 1376 et
1383 1313 1502 1396 quales
1527 1311 1629 1388 luere,
1657 1322 1736 1376 ante
1765 1312 1902 1376 Roberti

548 1411 646 1496 primi
662 1413 751 1498 regis
766 1425 931 1499 tempora,
943 1415 998 1481 vix
1013 1415 1195 1500 quicquam
1212 1427 1346 1499 praeter
1363 1416 1501 1481 nomina
1516 1415 1675 1500 comperi.
1722 1418 1848 1481 Verum
1866 1426 1903 1481 ut

548 1516 697 1583 invenire
713 1518 819 1602 potui,
836 1518 870 1584 in
887 1526 998 1584 unum'
1016 1518 1146 1602 conjeci
1170 1518 1333 1596 codicem,
1351 1529 1388 1584 ut
1411 1518 1612 1602 dignoscant
1635 1519 1785 1602 legentes
1801 1519 1902 1583 Aber-

547 1621 679 1698 doniae,
710 1644 730 1687 a
760 1622 847 1689 sacri
878 1622 923 1688 ibi
954 1623 1175 1707 magistratus
1202 1622 1426 1699 institutione,
1455 1621 1510 1686 vix
1537 1643 1686 1704 unquam
1713 1621 1900 1686 antistitem

493 1743 533 1789 10
547 1725 693 1790 defuisse
723 1725 877 1791 doctrina
907 1736 1009 1809 atque
1038 1726 1162 1791 virtute
1193 1726 1423 1810 spectabilem.
1472 1727 1575 1791 Hunc
1605 1726 1727 1790 librum
1758 1737 1902 1809 quantu-

548 1828 754 1913 lumcunque
780 1829 840 1896 tibi
868 1829 978 1897 dicavi
1002 1832 1214 1908 (Reverende
1241 1831 1393 1908 Praesul)
1421 1830 1603 1915 gratiorem
1631 1851 1707 1894 mea
1734 1829 1903 1894 sententia

547 1933 710 2010 futurum,
726 1936 815 2018 quod
839 1935 953 1999 nullus
974 1934 1033 2000 tibi
1057 1956 1168 1999 sermo
1186 1939 1236 2011 (ut
1258 1956 1404 2018 aequum
1428 1944 1480 1999 est
1503 1936 1650 2011 credere)
1667 1955 1769 2017 quam
1788 1933 1845 2017 qui
1862 1935 1904 1998 de

547 2047 682 2102 tuorum
714 2059 966 2121 praecessorum
998 2037 1122 2103 virtute
1153 2038 1207 2114 sit,
1236 2037 1406 2120 acceptior
1431 2060 1506 2102 esse
1533 2037 1666 2121 poterit.
1714 2039 1822 2101 Fuere
1853 2035 1903 2103 tui

548 2141 687 2226 inquam
706 2151 938 2207 antecessores
963 2146 1012 2219 (ut
1035 2141 1148 2206 videre
1171 2141 1262 2217 licet)
1281 2140 1395 2205 studio
1417 2152 1519 2224 atque
1543 2140 1730 2205 eruditione
1746 2140 1904 2206 omnibus

494 2262 533 2326 15
548 2244 604 2329 qui
621 2266 755 2311 sacrum
769 2243 909 2310 ubilibet
922 2254 1042 2328 gerunt
1056 2243 1295 2324 magistratum
1311 2243 1479 2309 imitandi.
1525 2244 1649 2328 Accipe
1662 2243 1902 2309 munusculum

547 2349 776 2425 obsecramus,
792 2346 856 2413 etsi
872 2347 969 2425 exile,
985 2347 1046 2414 tibi
1068 2358 1183 2413 tamen
1205 2348 1424 2427 offerendum,
1440 2351 1529 2432 quod
1551 2370 1666 2413 eorum
1686 2348 1743 2433 qui
1760 2358 1794 2412 te
1810 2370 1904 2432 prae-

547 2460 722 2517 cesserunt
752 2450 949 2535 pontificum
981 2450 1099 2516 laudes
1126 2449 1161 2515 in
1188 2473 1228 2517 eo
1254 2451 1416 2518 recitatae
1442 2452 1560 2517 nullibi
1592 2463 1651 2517 tuo
1682 2453 1755 2517 sine
1785 2455 1905 2517 decore

548 2567 690 2641 possunt
706 2557 874 2621 enarrari:
899 2579 996 2641 quos,
1014 2568 1050 2622 ut
1070 2556 1227 2623 omnibus
1249 2579 1327 2641 spes
1348 2557 1397 2638 (et
1421 2557 1556 2639 merito)
1571 2568 1623 2623 est
1639 2568 1765 2634 exorta,
1783 2559 1906 2623 urban·

548 2680 644 2725 arum
675 2669 709 2724 et
740 2658 974 2744 religiosarum
999 2680 1110 2724 rerum
1134 2658 1241 2743 gloria
1264 2659 1457 2743 propediem
1484 2681 1521 2724 es
1544 2670 1760 2743 aequaturus.
1808 2658 1905 2735 Vale,

492 2782 534 2830 20
548 2785 681 2847 semper
692 2762 781 2828 felix.
829 2764 882 2827 Ex
894 2772 953 2828 tuo
966 2763 1117 2847 Collegio
1129 2763 1371 2840 Aberdonensi,
1384 2763 1489 2847 pridie
1502 2764 1672 2829 Calendas
1685 2761 1906 2846 Septembris,

548 2888 638 2932 anno
654 2888 755 2951 supra
771 2866 1104 2951 sesquimillesimum
1121 2866 1282 2931 vicesimo
1298 2866 1417 2951 primo.
